@comment{jabref-meta: selector_publisher:}
@comment{jabref-meta: selector_author:}
@comment{jabref-meta: selector_journal:}
@comment{jabref-meta: selector_keywords:}

@misc{bib:console,
  author       = {Apple Inc.},
  title        = {{Mac用コンソールユーザガイド - Apple サポート (日本)}},
  howpublished = {\url{https://support.apple.com/ja-jp/guide/console/welcome/mac}},
  note         = {(2024年06月17日アクセス)}
}
@inproceedings{Hoge,
  title  = {Test},
  author = {Hoge}
}